<bibRecord>
    <bib>
        <owningInstitutionId>NYPL</owningInstitutionId>
        <owningInstitutionBibId>.b100008653</owningInstitutionBibId>
        <content>
            <collection xmlns="http://www.loc.gov/MARC21/slim">
                <record>
                    <controlfield tag="001">NYPG002000274-B</controlfield>
                    <controlfield tag="005">20001116192427.5</controlfield>
                    <controlfield tag="008">850225s1942 ii h b 000 0carax</controlfield>
                    <datafield ind1=" " ind2=" " tag="010">
                        <subfield code="a">ne 68003627</subfield>
                    </datafield>
                    <datafield ind1=" " ind2=" " tag="040">
                        <subfield code="c">NN</subfield>
                        <subfield code="d">NN</subfield>
                        <subfield code="d">CStRLIN</subfield>
                        <subfield code="d">WaOLN</subfield>
                    </datafield>
                    <datafield ind1="0" ind2="0" tag="050">
                        <subfield code="a">D198.3</subfield>
                        <subfield code="b">.M78 1942</subfield>
                    </datafield>
                    <datafield ind1="0" ind2=" " tag="100">
                        <subfield code="a">Muḥammad ibn Ḥabīb,</subfield>
                        <subfield code="d">d. 860.</subfield>
                    </datafield>
                    <datafield ind1="1" ind2="0" tag="245">
                        <subfield code="a">Kitāb al-muḥabbar,</subfield>
                        <subfield code="c">li-Abī Jaʻfar Muḥammad ibn Ḥabīb ibn Umayyah ibn ʻAmr al-Hāshimī
                            al-Baghdādī. Riwāyat Abī Saʻīd al-Ḥasan ibn al-Ḥusayn al-Sukkarī ʻanhu. Wa-qad iʻtanat
                            bi-taṣḥīḥ hadhā al-kitāb Īlzah Līḥtin [sic] Shtaytar [sic]
                        </subfield>
                    </datafield>
                    <datafield ind1=" " ind2=" " tag="260">
                        <subfield code="a">Ḥaydar Ābād al-Dakkan,</subfield>
                        <subfield code="b">Maṭbaʻat Jamʻīyat Dāʼirat al-Maʻārif al-ʻUthmānīyah,</subfield>
                        <subfield code="c">1942.</subfield>
                    </datafield>
                    <datafield ind1=" " ind2=" " tag="300">
                        <subfield code="a">6, 752 p.</subfield>
                        <subfield code="b">facsim.</subfield>
                        <subfield code="c">26 cm.</subfield>
                    </datafield>
                    <datafield ind1=" " ind2=" " tag="504">
                        <subfield code="a">Includes bibliographical references.</subfield>
                    </datafield>
                    <datafield ind1=" " ind2=" " tag="546">
                        <subfield code="a">In Arabic</subfield>
                    </datafield>
                    <datafield ind1=" " ind2="0" tag="651">
                        <subfield code="a">Islamic Empire</subfield>
                        <subfield code="v">Biography.</subfield>
                    </datafield>
                    <datafield ind1=" " ind2="0" tag="650">
                        <subfield code="a">Arabs</subfield>
                        <subfield code="v">Biography.</subfield>
                    </datafield>
                    <datafield ind1="1" ind2=" " tag="700">
                        <subfield code="a">Lichtenstadter, Ilse,</subfield>
                        <subfield code="d">1907-</subfield>
                    </datafield>
                    <datafield ind1="0" ind2=" " tag="740">
                        <subfield code="a">Muḥabbar.</subfield>
                    </datafield>
                    <datafield ind1=" " ind2=" " tag="907">
                        <subfield code="a">.b100008653</subfield>
                        <subfield code="c">m</subfield>
                        <subfield code="d">a</subfield>
                        <subfield code="e">-</subfield>
                        <subfield code="f">ara</subfield>
                        <subfield code="g">ii</subfield>
                        <subfield code="h">0</subfield>
                        <subfield code="i">2</subfield>
                    </datafield>
                    <datafield ind1=" " ind2=" " tag="952">
                        <subfield code="h">*OFS 82-4369</subfield>
                    </datafield>
                    <leader>01368cam a2200313 450000</leader>
                </record>
            </collection>
        </content>
    </bib>
    <holdings>
        <holding>
            <owningInstitutionHoldingsId/>
            <content>
                <collection xmlns="http://www.loc.gov/MARC21/slim">
                    <record>
                        <datafield ind1=" " ind2="8" tag="852">
                            <subfield code="b">rc2ma</subfield>
                            <subfield code="h">*OFS+ (al-Baghdādī. Kitāb al-muḥabbar)</subfield>
                        </datafield>
                        <datafield ind1=" " ind2=" " tag="866">
                            <subfield code="a"/>
                        </datafield>
                    </record>
                </collection>
            </content>
            <items>
                <content>
                    <collection xmlns="http://www.loc.gov/MARC21/slim">
                        <record>
                            <datafield ind1=" " ind2=" " tag="876">
                                <subfield code="p">33433107347076</subfield>
                                <subfield code="h"/>
                                <subfield code="a">.i313765078</subfield>
                                <subfield code="j">Available</subfield>
                                <subfield code="t">1</subfield>
                            </datafield>
                            <datafield ind1=" " ind2=" " tag="900">
                                <subfield code="a">Shared</subfield>
                                <subfield code="b">NA</subfield>
                            </datafield>
                        </record>
                        <record>
                            <datafield ind1=" " ind2=" " tag="876">
                                <subfield code="p">33433014514305</subfield>
                                <subfield code="h">In Library Use</subfield>
                                <subfield code="a">.i100005184</subfield>
                                <subfield code="j">Available</subfield>
                                <subfield code="t">1</subfield>
                            </datafield>
                            <datafield ind1=" " ind2=" " tag="900">
                                <subfield code="a">Shared</subfield>
                                <subfield code="b">NA</subfield>
                            </datafield>
                        </record>
                    </collection>
                </content>
            </items>
        </holding>
    </holdings>
    <holdings>
        <holding>
            <owningInstitutionHoldingsId/>
            <content>
                <collection xmlns="http://www.loc.gov/MARC21/slim">
                    <record>
                        <datafield ind1=" " ind2="8" tag="852">
                            <subfield code="b">rcma2</subfield>
                            <subfield code="h">*OFS 82-4369</subfield>
                        </datafield>
                        <datafield ind1=" " ind2=" " tag="866">
                            <subfield code="a"/>
                        </datafield>
                    </record>
                </collection>
            </content>
            <items>
                <content>
                    <collection xmlns="http://www.loc.gov/MARC21/slim">
                        <record>
                            <datafield ind1=" " ind2=" " tag="876">
                                <subfield code="p">33433107347076</subfield>
                                <subfield code="h"/>
                                <subfield code="a">.i313765078</subfield>
                                <subfield code="j">Available</subfield>
                                <subfield code="t">1</subfield>
                            </datafield>
                            <datafield ind1=" " ind2=" " tag="900">
                                <subfield code="a">Shared</subfield>
                                <subfield code="b">NA</subfield>
                            </datafield>
                        </record>
                        <record>
                            <datafield ind1=" " ind2=" " tag="876">
                                <subfield code="p">33433014514305</subfield>
                                <subfield code="h">In Library Use</subfield>
                                <subfield code="a">.i100005184</subfield>
                                <subfield code="j">Available</subfield>
                                <subfield code="t">1</subfield>
                            </datafield>
                            <datafield ind1=" " ind2=" " tag="900">
                                <subfield code="a">Shared</subfield>
                                <subfield code="b">NA</subfield>
                            </datafield>
                        </record>
                    </collection>
                </content>
            </items>
        </holding>
    </holdings>
</bibRecord>